<collection xmlns="http://www.loc.gov/MARC21/slim">
<record>
  <leader>00998nam0a2200205 i 450 </leader>
  <controlfield tag="001">IT\ICCU\CNCE\057806</controlfield>
  <controlfield tag="005">20130723000000.0</controlfield>
  <datafield tag="012" ind1=" " ind2=" ">
    <subfield code="a">laal lsat reia alum (C) 1534 (R)</subfield>
    <subfield code="2">fei</subfield>
  </datafield>
  <datafield tag="100" ind1=" " ind2=" ">
    <subfield code="a">20040428d1534        0itac0103    ba</subfield>
  </datafield>
  <datafield tag="101" ind1=" " ind2=" ">
    <subfield code="a">ITA</subfield>
  </datafield>
  <datafield tag="102" ind1=" " ind2=" ">
    <subfield code="a">IT</subfield>
  </datafield>
  <datafield tag="200" ind1="1" ind2=" ">
    <subfield code="a">Quiui incomincia la noua regoletta, nella qual trouerai ogni sorte de abbreuiature vsuale, et allo incontro de tutte le parole abbreuiate hauerai esse parole destinte per ordine de alphabeto</subfield>
  </datafield>
  <datafield tag="210" ind1=" " ind2=" ">
    <subfield code="e">Brixie</subfield>
    <subfield code="g">per Damianum &amp; Iacobum Philippum fratres</subfield>
    <subfield code="h">1534</subfield>
  </datafield>
  <datafield tag="215" ind1=" " ind2=" ">
    <subfield code="a">\4! c.</subfield>
    <subfield code="d">4ʻ</subfield>
  </datafield>
  <datafield tag="10" ind1="I" ind2="T">
    <subfield code="I">CCU\CNCE\073343</subfield>
    <subfield code="1">2001 </subfield>
    <subfield code="a">Noua regoletta, nella quale trouerai ogni sorte de abbreuiature usuale</subfield>
  </datafield>
  <datafield tag="620" ind1=" " ind2=" ">
    <subfield code="a">IT</subfield>
    <subfield code="d">Brescia</subfield>
  </datafield>
  <datafield tag="712" ind1="0" ind2="0">
    <subfield code="a">Turlino, Damiano &amp; Turlino, Giacomo Filippo</subfield>
    <subfield code="3">IT\ICCU\CNCT\001053</subfield>
    <subfield code="4">650</subfield>
  </datafield>
  <datafield tag="791" ind1="0" ind2="2">
    <subfield code="a">Damianus &amp; Iacobus Philippus</subfield>
    <subfield code="3">IT\ICCU\CNCT\004145</subfield>
    <subfield code="z">Turlino, Damiano &amp; Turlino, Giacomo Filippo</subfield>
  </datafield>
  <datafield tag="801" ind1=" " ind2="3">
    <subfield code="a">IT</subfield>
    <subfield code="b">ICCU</subfield>
    <subfield code="c">20201115</subfield>
  </datafield>
  <datafield tag="899" ind1=" " ind2=" ">
    <subfield code="a">Archivio storico civico e Biblioteca Trivulziana. Milano</subfield>
    <subfield code="1">MI0327</subfield>
    <subfield code="2">LO1 13</subfield>
  </datafield>
</record>
</collection>
